@Webpage{firmsweb,
         url = {https://firms.modaps.eosdis.nasa.gov/},
         author = {NASA-FIRMS},
         year = 2020,
         title = {Fire Information for Resource Management System (FIRMS)},
}

@Webpage{firmsdw,
         url = {https://firms.modaps.eosdis.nasa.gov/download/create.php},
         author = {NASA},
         year = 2020,
         title = {Pagina de descargas -- Fire Information for Resource Management System (FIRMS)},
}

@Webpage{OSM,
         url = {https://download.geofabrik.de/},
         author = {OpenStreetMaps},
         year = 2020,
         title = {OpenStreetMaps},
}


@Webpage{globcover,
         url = {http://due.esrin.esa.int/page_globcover.php},
         author = {GlobCover},
         title = {European Space Agency GlobCover Portal},
         year = 2005
}

@book{bivand2008applied,
  title={{Applied spatial data analysis with R}},
  author={Bivand, Roger S and Pebesma, Edzer J and Gomez-Rubio, Virgilio},
  volume={747248717},
  year={2008},
  publisher={Springer}
}


@Webpage{worldclim,
         url = {http://www.worldclim.org/},
         author = {WorldClim Version2 },
         title = {Data WorldClim Version2 2.5m},
         year = 2000
}


@Webpage{diariolibre,
         url = {https://www.diariolibre.com/actualidad/van-mas-de-40-fuegos-forestales-en-este-2019-LE12344197},
         author = {Tania Molina - Diario Libre},
         title = {Incendios forestales se intensifican en el país; van más de 40 este año },
         year = 2019
}

@Webpage{eldinero,
         url = {https://www.eldinero.com.do/79275/republica-dominicana-busca-prevenir-incendios-forestales-en-medio-de-sequia/},
         author = {Agencia EFE},
         title = {República Dominicana busca prevenir incendios forestales en medio de sequía},
         year = 2019
}


@misc{profesorLisa,
author = {Martínez Batlle,José Ramón},
title = {Script adición LISA Cluster},
year = {2019}
}


@misc{profesorData,
author = {Martínez Batlle,José Ramón},
title = {Script adición data raster},
year = {2019}
}

@misc{profesorClase,
author = {Martínez Batlle,José Ramón},
title = {Clase de Análisis espacial (UASD)},
year = {2019}
}
